<?xml version="1.0" encoding="utf-8"?>
<record xmlns="http://www.loc.gov/MARC21/slim" xmlns:xsi="http://www.w3.org/2001/XMLSchema-instance" xsi:schemaLocation="http://www.loc.gov/MARC21/slim http://www.loc.gov/standards/marcxml/schema/MARC21slim.xsd">
	<leader>
		01814nam a2200397   4500
	</leader>
	<controlfield tag="001">
		002315857
	</controlfield>
	<controlfield tag="003">
		NNU
	</controlfield>
	<controlfield tag="006">
		m        d        
	</controlfield>
	<controlfield tag="007">
		cr cn |||m|||a
	</controlfield>
	<controlfield tag="008">
		160201s1931    ua      ob    000 0 araod
	</controlfield>
	<datafield ind1=" " ind2=" " tag="040">
		<subfield code="a">
			NNU
		</subfield>
		<subfield code="b">
			eng
		</subfield>
		<subfield code="c">
			NNU
		</subfield>
	</datafield>
	<datafield ind1=" " ind2="4" tag="050">
		<subfield code="a">
			HG351
		</subfield>
		<subfield code="b">
			.J3 1994
		</subfield>
	</datafield>
	<datafield ind1=" " ind2="4" tag="050">
		<subfield code="a">
			HG351
		</subfield>
		<subfield code="b">
			.J38 1931
		</subfield>
	</datafield>
	<datafield ind1=" " ind2=" " tag="066">
		<subfield code="c">
			(3
		</subfield>
	</datafield>
	<datafield ind1=" " ind2=" " tag="090">
		<subfield code="a">
			HG351
		</subfield>
		<subfield code="b">
			.J38 1931
		</subfield>
	</datafield>
	<datafield ind1="0" ind2=" " tag="100">
		<subfield code="a">
			Jāḥiẓ,
		</subfield>
		<subfield code="d">
			d. 868 or 9.
		</subfield>
	</datafield>
	<datafield ind1="1" ind2="0" tag="240">
		<subfield code="a">
			Tabaṣṣur bi-al-tijārah
		</subfield>
	</datafield>
	<datafield ind1="1" ind2="0" tag="245">
		<subfield code="a">
			Kitāb al-tabaṣṣur bi-al-tijārah
		</subfield>
		<subfield code="h">
			[electronic resource] :
		</subfield>
		<subfield code="b">
			fī waṣf mā yustaẓrafu fī al-buldān min al-amtiʻah al-rafīʻah wa-al-aʻlāq al-nafīsah wa-al-jawāhir al-thamīnah /
		</subfield>
		<subfield code="c">
			taʼlīf Abī ʻUthmān ʻAmr ibn Baḥr al-Jāḥiẓ al-Baṣrī ; ʻuniya bi-nashrihi wa-taṣḥīḥihi wa-al-taʻlīq ʻalayhi Ḥasan Ḥusnī ʻAbd al-Wahhāb al-Tūnisī.
		</subfield>
	</datafield>
	<datafield ind1="3" ind2="0" tag="246">
		<subfield code="a">
			Tabaṣṣur bi-al-tijārah
		</subfield>
	</datafield>
	<datafield ind1=" " ind2=" " tag="250">
		<subfield code="a">
			al-Ṭabʻah 3.
		</subfield>
	</datafield>
	<datafield ind1=" " ind2=" " tag="260">
		<subfield code="a">
			al-Qāhirah :
		</subfield>
		<subfield code="b">
			Maktabat al-Khānjī,
		</subfield>
		<subfield code="c">
			1931.
		</subfield>
	</datafield>
	<datafield ind1=" " ind2=" " tag="300">
		<subfield code="a">
			online resource (42 p.)
		</subfield>
	</datafield>
	<datafield ind1="1" ind2=" " tag="490">
		<subfield code="a">
			al-Rasāʼil al-nādirah
		</subfield>
	</datafield>
	<datafield ind1=" " ind2=" " tag="500">
		<subfield code="a">
			Part of the Arabic Collections Online (ACO) project, contributed by New York Univeristy Libraries.
		</subfield>
	</datafield>
	<datafield ind1=" " ind2=" " tag="533">
		<subfield code="a">
			Electronic reproduction.
		</subfield>
		<subfield code="b">
			New York, N.Y. :
		</subfield>
		<subfield code="c">
			New York University,
		</subfield>
		<subfield code="d">
			2016.
		</subfield>
		<subfield code="5">
			NNU
		</subfield>
	</datafield>
	<datafield ind1=" " ind2=" " tag="546">
		<subfield code="a">
			In Arabic.
		</subfield>
	</datafield>
	<datafield ind1=" " ind2=" " tag="504">
		<subfield code="a">
			Includes bibliographical references.
		</subfield>
	</datafield>
	<datafield ind1=" " ind2="0" tag="650">
		<subfield code="a">
			Commerce
		</subfield>
		<subfield code="x">
			History.
		</subfield>
	</datafield>
	<datafield ind1="1" ind2=" " tag="700">
		<subfield code="a">
			Tūnisī, Ḥasan Ḥusnī ʻAbd al-Wahhāb.
		</subfield>
	</datafield>
	<datafield ind1="2" ind2=" " tag="710">
		<subfield code="a">
			New York University.
		</subfield>
		<subfield code="b">
			Libraries.
		</subfield>
	</datafield>
	<datafield ind1="0" ind2=" " tag="730">
		<subfield code="a">
			Arabic Collections Online.
		</subfield>
	</datafield>
	<datafield ind1="0" ind2="8" tag="776">
		<subfield code="i">
			Print version:
		</subfield>
		<subfield code="a">
			Jāḥiẓ, d. 868 or 9.
		</subfield>
		<subfield code="t">
			Kitāb al-tabaṣṣur bi-al-tijārah
		</subfield>
		<subfield code="w">
			(NNU)002315857
		</subfield>
	</datafield>
	<datafield ind1=" " ind2="3" tag="830">
		<subfield code="a">
			al-Rasāʼil al-nādirah.
		</subfield>
	</datafield>
	<datafield ind1="4" ind2="0" tag="856">
		<subfield code="u">
			http://hdl.handle.net/2333.1/4j0zpg9m
		</subfield>
	</datafield>
	<datafield ind1=" " ind2=" " tag="959">
		<subfield code="a">
			NNU
		</subfield>
		<subfield code="b">
			WEB
		</subfield>
		<subfield code="c">
			GENI
		</subfield>
		<subfield code="t">
			0
		</subfield>
		<subfield code="m">
			Electronic access
		</subfield>
		<subfield code="s">
			01
		</subfield>
	</datafield>
	<datafield ind1=" " ind2=" " tag="999">
		<subfield code="i">
			NNU_002315857
		</subfield>
		<subfield code="s">
			nyu_aco001533
		</subfield>
		<subfield code="e">
			(ERROR-880)
		</subfield>
	</datafield>
</record>
